@article{bang2005doubly,
  title={Doubly robust estimation in missing data and causal inference models},
  author={Bang, Heejung and Robins, James M},
  journal={Biometrics},
  volume={61},
  number={4},
  pages={962--973},
  year={2005},
  publisher={Wiley Online Library}
}

@article{vdl2006targeted,
  title={Targeted maximum likelihood learning},
  author={{van der Laan}, Mark J and Rubin, Daniel},
  journal={The International Journal of Biostatistics},
  volume={2},
  number={1},
  year={2006}
}

@book{tsiatis2007semiparametric,
  title={Semiparametric Theory and Missing Data},
  author={Tsiatis, Anastasios},
  year={2007},
  publisher={Springer Science \& Business Media}
}

@article{vdl2004asymptotic,
  title={Asymptotic optimality of likelihood-based cross-validation},
  author={{van der Laan}, Mark J and Dudoit, Sandrine and Keles, Sunduz},
  journal={Statistical Applications in Genetics and Molecular Biology},
  volume={3},
  number={1},
  pages={1--23},
  year={2004}
}

@article{dudoit2005asymptotics,
  title={Asymptotics of cross-validated risk estimation in estimator selection
    and performance assessment},
  author={Dudoit, Sandrine and {van der Laan}, Mark J},
  journal={Statistical Methodology},
  volume={2},
  number={2},
  pages={131--154},
  year={2005},
  publisher={Elsevier}
}

@article{vdl2003unifiedcv,
  title={Unified cross-validation methodology for selection among estimators
    and a general cross-validated adaptive epsilon-net estimator: Finite sample
    oracle inequalities and examples},
  author={{van der Laan}, Mark J and Dudoit, Sandrine},
  year={2003},
  publisher={bepress}
}

@article{vdl2007super,
  title={{Super Learner}},
  author={{van der Laan}, Mark J and Polley, Eric C and Hubbard, Alan E},
  journal={Statistical Applications in Genetics and Molecular Biology},
  volume={6},
  number={1},
  year={2007}
}

@article{breiman1996stacked,
  title={Stacked regressions},
  author={Breiman, Leo},
  journal={Machine Learning},
  volume={24},
  number={1},
  pages={49--64},
  year={1996},
  publisher={Springer}
}

@inproceedings{hardt2016equality,
  title={Equality of opportunity in supervised learning},
  author={Hardt, Moritz and Price, Eric and Srebro, Nati and others},
  booktitle={Advances in Neural Information Processing Systems},
  pages={3315--3323},
  year={2016}
}

@article{severini1992profile,
  title={Profile likelihood and conditionally parametric models},
  author={Severini, Thomas A and Wong, Wing Hung},
  journal={The Annals of Statistics},
  pages={1768--1802},
  year={1992},
  publisher={JSTOR}
}

@article{diciccio1990nonparametric,
  title={Nonparametric confidence limits by resampling methods and least
    favorable families},
  author={DiCiccio, Thomas J and Romano, Joseph P},
  journal={International Statistical Review/Revue Internationale de
    Statistique},
  pages={59--76},
  year={1990},
  publisher={JSTOR}
}

@inproceedings{stein1956efficient,
  title={Efficient nonparametric testing and estimation},
  author={Stein, Charles},
  booktitle={Proceedings of the Third Berkeley Symposium on Mathematical
    Statistics and Probability, Volume 1: Contributions to the Theory of
      Statistics},
  year={1956},
  organization={The Regents of the University of California}
}

@article{duchi2016robustoptim,
   author = {Duchi, J and Glynn, P and Namkoong, H},
    title = {Statistics of Robust Optimization: A Generalized Empirical
      Likelihood Approach},
  journal = {ArXiv e-prints},
  archivePrefix = "arXiv",
  eprint = {1610.03425},
  primaryClass = "stat.ML",
  keywords = {Statistics - Machine Learning},
  year = 2016,
}

